@misc{android-market-share,
  title = "{Android market share topples Blackberry}",
  author = {Raven Lovecraft},
  year = {2011},
  month = {March},
  url = {http://www.tgdaily.com/mobility-brief/54462-android-market-share-topples-blackberry},
}

@misc{open-handset-alliance-ann,
  title = "{Industry Leaders Announce Open Platform for Mobile Devices}",
  organization = {Open Handset Alliance},
  year = {2007},
  month = {November},
  url = {http://www.openhandsetalliance.com/press_110507.html},
  annote = "This is the initial press release for Android, stating the goals and requirements of the platform.  I used this as the basis for inferring the project's requirements.",
}

@article{groklaw,
  title = "{Oracle America's complaint against Google, as text}",
  author = {Pamela Jones},
  year = {2010},
  month = {August},
  url = {http://www.groklaw.net/article.php?story=20100815110101756},
  annote = "This is Groklaw's response to the Oracle Lawsuit, as cited as one of the extant arguments.",
}

@article{groklaw-pj,
  title = "{Why Groklaw?}",
  author = {Michael J. Jordan},
  year = {2003},
  month = {July},
  url = {http://www.groklaw.net/staticpages/index.php?page=20031004190519196},
  annote = "Linux Online interviewed Pamela Jones when Groklaw started, giving some background on Pamela Jones's authority.",
}

@misc{oracle-lawsuit,
  title = "{Oracle America Inc. v. Google Inc.}",
  organization = {Oracle America Inc.},
  year = {2010},
  month = {August},
  url = {http://www.groklaw.net/pdf2/OrvGoogComplaint.pdf},
  annote = "Groklaw posted a mirrored copy of the original Oracle lawsuit.  It's surprisingly readable, and cites a fair number of patents in the case.",
}

@misc{dalvik,
  title = "{Dalvik Virtual Machine}",
  organization = {DalvikVM.com},
  url = {http://www.dalvikvm.com/},
  annote = "This site, although not directly affiliated with Dalvik, provides information about how Dalvik works.",
}

@misc{dalvik-bytecode,
  title = "{Bytecode for the Dalvik VM}",
  organization = {Android Open Source Project},
  year = {2007},
  url = {http://www.netmite.com/android/mydroid/dalvik/docs/dalvik-bytecode.html},
  annote = "This site, although not directly affiliated with Dalvik, provides information about how Dalvik works.",
}

@book{javavm-bytecode,
  title = "{The Java\texttrademark Virtual Machine Specification}",
  author = {Tim Lindholm and Frank Yellin},
  publisher = {Prentice Hall},
  year = {1999},
  month = {April},
  url = {http://java.sun.com/docs/books/jvms/second_edition/html/VMSpecTOC.doc.html},
  edition = {2},
  annote = "This is the JavaVM specification, detailing the bytecode instructions.",
}

@misc{android-sdk-building,
  title = "{Building and Running}",
  organization = {Android Open Source Project},
  year = {2011},
  month = {April},
  url = {http://developer.android.com/guide/developing/building/index.html},
  annote = "This page from the SDK documentation describes in-depth the Android build process.  It's from here that I learned about the dx program.",
}

@misc{oracle-buys-sun,
  title = "{Oracle wins U.S.\ approval to buy Sun Microsystems}",
  author = {Paul Thomasch and Jim Finkle},
  year = {2009},
  month = {August},
  url = {http://www.reuters.com/article/2009/08/20/sun-oracle-idUSN2053486920090820},
  annote = "A news article announcing Oracle acquisition of Sun.",
}

@misc{sun-open-sources-java,
  title = "{Sun Opens Java Source Code Under GPL}",
  author = {Ed Oswald},
  year = {2006},
  month = {November},
  url = {http://www.betanews.com/article/Sun-Opens-Java-Source-Code-Under-GPL/1163439422},
  annote = "A news article announcing Sun's open-sourcing of Java, before they were acquired by Oracle.",
}

@misc{android-copies-java-code,
  title = "{Oops: Android contains directly copied Java code, strengthening Oracle's case}",
  author = {Nilay Patel},
  year = {2011},
  month = {January},
  url = {http://www.engadget.com/2011/01/21/oops-android-contains-directly-copied-java-code-strengthening/},
  annote = "Engadget's report on copied code in Android.  However, it seems as though the code was already removed before shipping, and only was used as a test case.",
}

@article{fosspatents,
  title = "{New evidence supports Oracle's case against Google}",
  author = "Florian Mueller",
  year = {2011},
  month = {January},
  url = {http://fosspatents.blogspot.com/2011/01/new-evidence-supports-oracles-case.html},
  annote = "The original blog post Engadget used in their news article \cite{android-copies-java-code}.",
}

@article{ars-tech-copying,
  title = "{New alleged evidence of Android infringement isn't a smoking gun}",
  author = "Ryan Paul",
  year = {2011},
  month = {January},
  url = {http://arstechnica.com/open-source/news/2011/01/new-alleged-evidence-of-android-infringement-isnt-a-smoking-gun.ars},
  annote = "Ars Technica responded to Engadget's story, saying that SONiVOX accidentally committed the offending files.",
}

@misc{hotspot,
  title = "{The HotSpot Group}",
  organization = {Oracle Corporation},
  year = {2011},
  url = {http://openjdk.java.net/groups/hotspot/},
  annote = "Oracle's de facto JavaVM implementation.",
}

@misc{apache-harmony,
  title = "{Apache Harmony}",
  organization = {Apache Software Foundation},
  url = {http://harmony.apache.org/},
  annote = "The Apache Foundation's implementation of the Java VM specification.",
}

@misc{icedtea,
  title = "{IcedTea - Main Page}",
  organization = {IcedTea project},
  url = {http://icedtea.classpath.org/wiki/Main_Page},
  annote = "Red Hat's free implementation of the Java VM specification.",
}

@misc{lawsuit-no-surprise,
  title = "{Java Creator Gosling: Oracle's Android Lawsuit Is No Surprise}",
  author = {Darryl K. Taft},
  url = {http://www.eweek.com/c/a/Application-Development/Java-Creator-Gosling-Oracles-Android-Lawsuit-is-No-Surprise-272156/},
  annote = "Gosling's vindicated take on the issue was a fascinating read.",
}

@misc{secode,
    organization = "ACM",
    title = "{Software Engineering Code of Ethics and Professional Practice}",
    month = "April",
    year = "2011",
    howpublished = "\url{http://www.acm.org/about/se-code}",
    annote = "The SE Code is a pivotal document in this paper for establishing a baseline of ethics.",
}

@misc{routed-around-ip,
  title = "{Dalvik: how Google routed around Sunâ€™s IP-based licensing restrictions on Java ME}",
  author = {Stefano Mazzocchi},
  year = {2007},
  month = {November},
  url = {http://www.betaversion.org/~stefano/linotype/news/110/},
  annote = "Although not cited directly, this article covered the licensing issues associated with Dalvik and is certainly an interesting read.",
}

@misc{dalvik-readme,
  title = "{Dalvik README}",
  organization = {Android Open Source Project},
  url = {http://android.git.kernel.org/?p=platform/dalvik.git;a=blob;f=README.txt;h=2969180f3dd02b4ae69279d6f1f741812710183f;hb=HEAD},
  annote = "The README contains all of the credits and licensing information for the Dalvik project",
}

@misc{google-conduct,
  title = "{Google Code of Conduct}",
  organization = {Google Inc.},
  url = {http://investor.google.com/corporate/code-of-conduct.html},
  annote = "Google's Code of Conduct was useful in showing that Google's ethics align with the SE Code",
}

@misc{apache-harmony-faq,
  title = "{Apache Harmony --- Frequently Asked Questions}",
  organization = {Apache Software Foundation},
  url = {http://harmony.apache.org/faq.html},
  annote = "Has information about Apache Harmony",
}

@misc{apache-license,
  title = "{Apache License, Version 2.0}",
  organization = {Apache Software Foundation},
  url = {http://www.apache.org/licenses/LICENSE-2.0.html},
  annote = "The Apache License 2.0 that Dalvik and Apache Harmony are released under.",
}

@misc{gpl-license,
  title = "{GNU General Public License}",
  organization = {Free Software Foundation, Inc.},
  url = {http://www.gnu.org/licenses/gpl.html},
  annote = "The GNU GPL is used for the Java HotSpot VM.",
}

@article{why-apache2-license,
  title = "{Why Google chose the Apache Software License over GPLv2 for Android}",
  author = "Ryan Paul",
  year = {2007},
  month = {November},
  url = {http://arstechnica.com/old/content/2007/11/why-google-chose-the-apache-software-license-over-gplv2.ars},
  annote = "This article was recommended by the Android developers to explain why the Apache License 2.0 was used in the Android project.",
}

@article{dalvik-vm-arch,
  title = "{The Dalvik Virtual Machine Architecture}",
  author = "David Ehringer",
  year = {2010},
  month = {March},
  url = {http://davidehringer.com/software/android/The_Dalvik_Virtual_Machine.pdf},
  annote = "Ehringer summarizes the performance characteristics of Dalvik vs. HotSpot from an external viewpoint.",
}

@article{tiobe,
  title = "{TPCI History for language Java}",
  organization = "TIOBE Software",
  year = {2011},
  month = {May},
  url = {http://www.tiobe.com/index.php/paperinfo/tpci/Java.html},
  annote = "The graph shows the usage of Java by year.",
}

@misc{artman,
  title = "{Discussion with Nicholas Artman}",
  author = "Nicholas Artman",
  year = {2011},
  month = {May},
  annote = "I discussed the Oracle lawsuit with Nicholas Artman after a presentation on the subject.",
}

http://android.git.kernel.org/?p=platform/libcore.git;a=history;f=support/src/test/java/org/apache/harmony/security/tests/support;h=4033fec73e384586d4ddd45fcfaf3b614b203462;hb=HEAD

@article{android-dev-security,
  title = "{Security and Permissions}",
  organization = "Android Open Source Project",
  year = {2011},
  month = {May},
  url = {http://developer.android.com/guide/topics/security/security.html},
  annote = "The developer documentation has a detailed discussion of Android's security system.",
}

@misc{ruboto,
  title = "{Ruboto --- Ruby on Android}",
  author = "Charles Nutter",
  url = {http://ruboto.org/},
  annote = "A port of Ruby to the Android platform.  This is an example of an alternate language on Dalvik.",
}

% vim: ft=bib sts=2 ts=2 sw=2 et
